<?xml version="1.0" encoding="UTF-8"?><record xmlns="http://www.loc.gov/MARC21/slim" xmlns:cinclude="http://apache.org/cocoon/include/1.0" xmlns:zs="http://www.loc.gov/zing/srw/">
  <leader>00388nz  a2200121n  4500</leader>
  <controlfield tag="001">n 2007010087</controlfield>
  <controlfield tag="003">DLC</controlfield>
  <controlfield tag="005">20070210075015.0</controlfield>
  <controlfield tag="008">070209n| acannaabn          |n aaa      </controlfield>
  <datafield tag="010" ind1=" " ind2=" ">
    <subfield code="a">n 2007010087</subfield>
  </datafield>
  <datafield tag="040" ind1=" " ind2=" ">
    <subfield code="a">DLC</subfield>
    <subfield code="b">eng</subfield>
    <subfield code="c">DLC</subfield>
  </datafield>
  <datafield tag="100" ind1="1" ind2=" ">
    <subfield code="a">Remy, Philippe</subfield>
  </datafield>
  <datafield tag="670" ind1=" " ind2=" ">
    <subfield code="a">Boucard, Hélène. L'agréation de la livraison dans la vente, c2005:</subfield>
    <subfield code="b">t.p. (Philippe Remy, prof. à l'Université de Poitiers)</subfield>
  </datafield>
</record>